@online{fig:gpu-arch,
  author = {NVIDIA},
  title = {GPU Performance Background User's Guide},
  year = {2023},
  url = {
         https://docs.nvidia.com/deeplearning/performance/dl-performance-gpu-background/index.html
         },
  urldate = {2024-02-26},
}

@book{fig:pipeline,
  author = {Parminder Singh},
  title = {Learning Vulkan},
  year = {2016},
  isbn = {9781786469809},
}

@online{CDW-cpu_vs_gpu,
  author = {CDW},
  title = {CPU vs. GPU: What's the Difference?},
  year = {2022},
  url = { https://www.cdw.com/content/cdw/en/articles/hardware/cpu-vs-gpu.html#4
         },
  urldate = {2024-02-23},
}

@online{NVIDIA-cpu-gpu,
  author = {Brian Caulfield},
  title = {What’s the Difference Between a CPU and a GPU?},
  year = {2009},
  url = {
         https://blogs.nvidia.com/blog/whats-the-difference-between-a-cpu-and-a-gpu/
         },
  urldate = {2024-02-23},
}

@online{CUDA_Programming_Guide,
  author = {NVIDIA},
  title = {CUDA C++ Programming Guide},
  year = {2024},
  url = {https://docs.nvidia.com/cuda/cuda-c-programming-guide/index.html},
  urldate = {2024-02-21},
}

@online{cherry_gpu_architecture,
  author = {Mantas Levinas},
  title = {GPU Architecture Explained: Everything You Need to Know and How It
           Has Evolved},
  year = {2021},
  url = {
         https://www.cherryservers.com/blog/everything-you-need-to-know-about-gpu-architecture
         },
  urldate = {2024-02-21},
}

@online{NVIDIA-rtx-4090,
  author = {NVIDIA},
  title = {GeForce RTX 4090},
  year = {2022},
  url = {https://www.nvidia.com/de-de/geforce/graphics-cards/40-series/rtx-4090/
         },
  urldate = {2024-02-21},
}

@online{rocm,
  author = {AMD},
  title = {AMD ROCm™ Software},
  year = {2024},
  url = {https://www.amd.com/en/products/software/rocm.html},
  urldate = {2024-02-21},
}

@online{vram,
  author = {Josna (Electronics Hub)},
  title = {Which is Better – VRAM or RAM?},
  year = {2023},
  url = {https://www.electronicshub.org/vram-or-ram/},
  urldate = {2024-02-21},
}

@online{vkGuide,
  author = {Victor Blanco},
  title = {The graphics pipeline},
  year = {2020},
  url = {https://vkguide.dev/docs/new_chapter_3/render_pipeline/},
  urldate = {2024-02-22},
}

@online{build-pipeline,
  author = {Victor Blanco},
  title = {The graphics pipeline},
  year = {2020},
  url = {https://vkguide.dev/docs/new_chapter_3/building_pipeline/},
  urldate = {2024-02-25},
}

@online{vulkan-tutorial-compute-shader,
  author = {Alexander Overvoorde},
  title = {Vulkan Tutorial},
  subtitle = {Compute Shader},
  year = {2023},
  url = {https://vulkan-tutorial.com/Compute_Shader},
  urldate = {2024-02-25},
}

@online{spirv,
  author = {Victor Blanco},
  title = {Running code on the GPU},
  year = {2020},
  url = {https://vkguide.dev/docs/new_chapter_2/vulkan_shader_drawing/},
  urldate = {2024-02-25},
}

@online{vulkan-spec-draw,
  author = {Khronos Group},
  title = {Vulkan Specification},
  year = {2024},
  subtitle = {21. Drawing Commands},
  url = {
         https://registry.khronos.org/vulkan/specs/1.3-extensions/html/chap21.html
         },
  urldate = {2024-02-26},
}

@online{vulkan-spec-pipelines,
  author = {Khronos Group},
  title = {Vulkan Specification},
  year = {2024},
  subtitle = {10. Pipelines},
  url = {
         https://registry.khronos.org/vulkan/specs/1.3-extensions/html/chap10.html
         },
  urldate = {2024-03-01},
}

@online{vulkan-vertex-input,
  url = {https://docs.vulkan.org/guide/latest/vertex_input_data_processing.html},
  author = {Khronos Group},
  title = {Vulkan Guide},
  year = {2023},
  subtitle = {Vertex Input Data Processing},
  urldate = {2024-03-01},
}

@online{vulkan-tutorial-index-buffer,
  author = {Alexander Overvoorde},
  url = {https://vulkan-tutorial.com/Vertex_buffers/Index_buffer},
  title = {Vulkan Tutorial},
  subtitle = {Index Buffer},
  year = {2023},
  urldate = {2024-03-01},
}

@online{vulkan-tutorial-vertex-buffer,
  author = {Alexander Overvoorde},
  url = {https://vulkan-tutorial.com/Vertex_buffers/Vertex_input_description},
  title = {Vulkan Tutorial},
  subtitle = {Vertex Input Description},
  year = {2023},
  urldate = {2024-03-03},
}

@online{microsoft-ia,
  author = {Steven White, Matt Wojciakowski},
  title = {Universal Windows Platform},
  url = {
         https://learn.microsoft.com/en-us/windows/uwp/graphics-concepts/input-assembler-stage--ia-
         },
  year = {2022},
  urldate = {2024-03-03},
  subtitle = {Input Assembler (IA) Stage},
}

@online{vulkan-spec-primitive-topology,
  author = {Khronos Group},
  title = {Vulkan Specification},
  year = {2024},
  subtitle = {VkPrimitiveTopology(3) Manual Page},
  url = {
         https://registry.khronos.org/vulkan/specs/1.3-extensions/man/html/VkPrimitiveTopology.html
         },
  urldate = {2024-03-03},
}
